<?xml version="1.0" encoding="UTF-8"?><record xmlns="http://www.loc.gov/MARC21/slim" xmlns:cinclude="http://apache.org/cocoon/include/1.0" xmlns:zs="http://www.loc.gov/zing/srw/">
  <leader>00659cz  a2200133n  4500</leader>
  <controlfield tag="001">n  85254525 </controlfield>
  <controlfield tag="003">DLC</controlfield>
  <controlfield tag="005">20120801081549.0</controlfield>
  <controlfield tag="008">860925n| acannaab           |n ana      </controlfield>
  <datafield tag="010" ind1=" " ind2=" ">
    <subfield code="a">n  85254525 </subfield>
  </datafield>
  <datafield tag="040" ind1=" " ind2=" ">
    <subfield code="a">DLC</subfield>
    <subfield code="b">eng</subfield>
    <subfield code="c">DLC</subfield>
    <subfield code="d">DLC</subfield>
  </datafield>
  <datafield tag="111" ind1="2" ind2=" ">
    <subfield code="a">Conference on Molecular Strategies of Parasitic Invasion</subfield>
    <subfield code="d">(1987 :</subfield>
    <subfield code="c">Park City, Utah)</subfield>
  </datafield>
  <datafield tag="667" ind1=" " ind2=" ">
    <subfield code="a">THIS 1XX FIELD CANNOT BE USED UNDER RDA UNTIL THIS RECORD HAS BEEN REVIEWED AND/OR UPDATED</subfield>
  </datafield>
  <datafield tag="670" ind1=" " ind2=" ">
    <subfield code="a">Molecular strategies of parasitic invasion, c1987:</subfield>
    <subfield code="b">CIP t.p. (held in Park City, Utah, 1/26-31/86) prelim. p. (Conference on Molecular Strategies of Parasitic Invasion) book t.p. (held in Park City, Utah, Jan. 26-31, 1987)</subfield>
  </datafield>
</record>